<record><leader>00000cas a2200000 a 4500</leader><controlfield tag="001">32016314</controlfield><controlfield tag="007">hd afa012baca</controlfield><controlfield tag="007">hd bfa012baaa</controlfield><controlfield tag="007">hd bfa012baba</controlfield><controlfield tag="008">950218d18391843ctuwr n a     0    0eng c</controlfield><datafield ind1=" " ind2=" " tag="010"><subfield code="a">sn 94080745 </subfield></datafield><datafield ind1=" " ind2=" " tag="040"><subfield code="a">MH</subfield><subfield code="b">eng</subfield><subfield code="c">RQM</subfield><subfield code="d">HUL</subfield><subfield code="d">OCLCQ</subfield><subfield code="d">OCLCG</subfield><subfield code="d">OCLCQ</subfield><subfield code="d">OCLCF</subfield><subfield code="d">OCLCO</subfield><subfield code="d">OCLCQ</subfield></datafield><datafield ind1=" " ind2=" " tag="012"><subfield code="i">9410</subfield></datafield><datafield ind1=" " ind2=" " tag="042"><subfield code="a">pcc</subfield></datafield><datafield ind1="0" ind2="4" tag="082"><subfield code="a">289.105</subfield><subfield code="b">U59u</subfield></datafield><datafield ind1="0" ind2=" " tag="130"><subfield code="a">Universalist (Middletown, Conn.)</subfield></datafield><datafield ind1="1" ind2="4" tag="245"><subfield code="a">The Universalist :</subfield><subfield code="b">a weekly religious newspaper, devoted to the defence of truth, morality, and the rights of man.</subfield></datafield><datafield ind1=" " ind2=" " tag="260"><subfield code="a">Middletown, Conn. ;</subfield><subfield code="a">Hartford, Conn. :</subfield><subfield code="b">[William D. Starr, printer]</subfield></datafield><datafield ind1=" " ind2=" " tag="300"><subfield code="a">volumes ;</subfield><subfield code="c">34 cm</subfield></datafield><datafield ind1=" " ind2=" " tag="310"><subfield code="a">Weekly</subfield></datafield><datafield ind1=" " ind2=" " tag="336"><subfield code="a">text</subfield><subfield code="b">txt</subfield><subfield code="2">rdacontent</subfield></datafield><datafield ind1=" " ind2=" " tag="337"><subfield code="a">microform</subfield><subfield code="b">h</subfield><subfield code="2">rdamedia</subfield></datafield><datafield ind1=" " ind2=" " tag="338"><subfield code="a">microfilm reel</subfield><subfield code="b">hd</subfield><subfield code="2">rdacarrier</subfield></datafield><datafield ind1="1" ind2=" " tag="362"><subfield code="a">Began in 1839? Ceased with v. 5, no. 18 (Dec. 30, 1843)?</subfield></datafield><datafield ind1=" " ind2=" " tag="500"><subfield code="a">Subtitle varies.</subfield></datafield><datafield ind1=" " ind2=" " tag="500"><subfield code="a">Published by: L.S. Everett, J. Moore, and A.A. Folsom, Oct. 3, 1840-May 15, 1841; L.S. Everett, J. Moore, A.A. Folsom, and M. Sanford, May 22, 1841-&lt;Aug. 28, 1841&gt;; Geo. W. Concklin, &lt;Sept. 3, 1842-&gt;; J. Moore and M. Sanford, Sept. 24, 1842-Aug. 26, 1843; J. Moore, Sept. 2, 1843-&lt;Dec. 30, 1843&gt;</subfield></datafield><datafield ind1=" " ind2=" " tag="500"><subfield code="a">Issues for Sept. 24, 1842-&lt;Dec. 30, 1843&gt; published in Hartford.</subfield></datafield><datafield ind1=" " ind2=" " tag="515"><subfield code="a">Issue for Apr. 4, 1840 misnumbered v. 1, no. 30 but constitutes v. 1, no. 31.</subfield></datafield><datafield ind1="8" ind2=" " tag="555"><subfield code="a">Index to v. 1 covers only v. 1, no. 14-v. 1, no. 52.</subfield></datafield><datafield ind1=" " ind2=" " tag="588"><subfield code="a">Description based on: Vol. 1, no. 14 (Dec. 7, 1839).</subfield></datafield><datafield ind1=" " ind2=" " tag="588"><subfield code="a">Latest issue consulted: Vol. 5, no. 18 (Dec. 30, 1843).</subfield></datafield><datafield ind1=" " ind2=" " tag="533"><subfield code="a">Microfilm.</subfield><subfield code="m">v.1:no. 14-v.5:no. 18 (1839-1843):[Lacks v.3]</subfield><subfield code="b">Cambridge, Mass. :</subfield><subfield code="c">Harvard University Library Microreprographic Service,</subfield><subfield code="d">1979.</subfield><subfield code="e">1 microfilm reel ; 35 mm.</subfield></datafield><datafield ind1=" " ind2="0" tag="650"><subfield code="a">Unitarianism</subfield><subfield code="v">Periodicals.</subfield></datafield><datafield ind1=" " ind2="7" tag="650"><subfield code="a">Unitarianism.</subfield><subfield code="2">fast</subfield><subfield code="0">(OCoLC)fst01161454</subfield></datafield><datafield ind1=" " ind2="7" tag="655"><subfield code="a">Periodicals.</subfield><subfield code="2">fast</subfield><subfield code="0">(OCoLC)fst01411641</subfield></datafield><datafield ind1="1" ind2=" " tag="700"><subfield code="a">Everett, L. S.</subfield><subfield code="q">(Linus Smith),</subfield><subfield code="d">1795-1870.</subfield></datafield><datafield ind1="1" ind2=" " tag="700"><subfield code="a">Moore, John,</subfield><subfield code="d">1797-1855.</subfield></datafield><datafield ind1="1" ind2=" " tag="700"><subfield code="a">Folsom, Albert A.</subfield><subfield code="q">(Albert Adams),</subfield><subfield code="d">1809-1848.</subfield></datafield><datafield ind1="1" ind2=" " tag="700"><subfield code="a">Sanford, Merritt,</subfield><subfield code="d">1812-1849.</subfield></datafield><datafield ind1="1" ind2=" " tag="776"><subfield code="c">Original</subfield><subfield code="w">(OCoLC)21553347</subfield></datafield><datafield ind1=" " ind2=" " tag="850"><subfield code="a">MH (master)</subfield><subfield code="a">MH-AH</subfield></datafield><datafield ind1="1" ind2=" " tag="029"><subfield code="a">AU@</subfield><subfield code="b">000025379583</subfield></datafield></record>